<?xml version="1.0" encoding="UTF-8"?><collection xmlns="http://www.loc.gov/MARC21/slim"><record><leader>00398nam--2200145-i-4500</leader><controlfield tag="001">000014801</controlfield><controlfield tag="002">20161230</controlfield><controlfield tag="005">20161230201031</controlfield><controlfield tag="008">060222s1000------------r-----000-0-eng-d</controlfield><datafield ind1=" " ind2=" " tag="080"><subfield code="a">577.1:577.3</subfield></datafield><datafield ind1=" " ind2=" " tag="100"><subfield code="a">Benkovic, Stephen J.And Bruice, Thomas C</subfield></datafield><datafield ind1=" " ind2=" " tag="245"><subfield code="a">Bioorganic mechanisms</subfield></datafield><datafield ind1=" " ind2=" " tag="260"><subfield code="a">New York, W.A.Benjamin, Inc., 1966. Viii + 419 P</subfield></datafield><datafield ind1=" " ind2=" " tag="490"><subfield code="a">Frontiers In Chemistry</subfield></datafield><datafield ind1=" " ind2=" " tag="852"><subfield code="a">75392</subfield></datafield></record></collection>